@inproceedings{boring2012fat,
  title={The fat thumb: using the thumb's contact size for single-handed mobile interaction},
  author={Boring, Sebastian and Ledo, David and Chen, Xiang'Anthony' and Marquardt, Nicolai and Tang, Anthony and Greenberg, Saul},
  booktitle={Proceedings of the 14th international conference on Human-computer interaction with mobile devices and services},
  pages={39--48},
  year={2012},
  organization={ACM}
}